<?xml version="1.0" encoding="UTF-8"?><collection xmlns="http://www.loc.gov/MARC21/slim"><record><leader>00404nam--2200121-i-4500</leader><controlfield tag="001">000046422</controlfield><controlfield tag="002">20161230</controlfield><controlfield tag="005">20161230201046</controlfield><controlfield tag="008">060222s1000------------r-----000-0-eng-d</controlfield><datafield ind1=" " ind2=" " tag="245"><subfield code="a">The uses of radioactive isotopes and nuclear radiation in the u.s.s.r</subfield></datafield><datafield ind1=" " ind2=" " tag="260"><subfield code="a">Jerusalem, Israel Program For Scientific Translations, 1965-1966, V+266p</subfield></datafield><datafield ind1=" " ind2=" " tag="700"><subfield code="a">Petrov,N.A.,Petrenko,L.I.Andsavitskii,P.S</subfield></datafield><datafield ind1=" " ind2=" " tag="852"><subfield code="a">45100</subfield></datafield></record></collection>